@book{dirac,
  title={The Principles of Quantum Mechanics},
  author={Paul Adrien Maurice Dirac},
  isbn={9780198520115},
  series={International series of monographs on physics},
  year={1981},
  publisher={Clarendon Press},
  keywords = {physics}
}

@book{latexcompanion,
    author    = "Michel Goossens and Frank Mittelbach and Alexander Samarin",
    title     = "The \LaTeX\ Companion",
    year      = "1993",
    publisher = "Addison-Wesley",
    address   = "Reading, Massachusetts",
    keywords  = "latex"
}

@misc{noaaProyecto,
  title={Diseño e implementación de un prototipo para recepción de señales satelitales para la obtención de imágenes meteorológicas del sistema de satélites NOAA (National Oceanic and Atmospheric Administration) usando radio definido por software},
  author={Universidad Politécnica Salesiana, Sede Guayaquil, Facultad de Ingenierías},
  journal={Proyecto de Titulación},
  year={2024},
  url={https://www.nesdis.noaa.gov/our-satellites/related-information/history-of-noaa-satellites}
}

@online{moxonAntenna,
    author    = "Wikipedia",
    title     = "Moxon antenna",
    url       = "https://en.wikipedia.org/wiki/Moxon_antenna",
    keywords  = "Moxon antenna, antenna design, radio"
}
 
@online{noaaSatellites,
    author    = "NOAA",
    title     = "History of NOAA Satellites",
    url       = "https://www.nesdis.noaa.gov/our-satellites/related-information/history-of-noaa-satellites",
    keywords  = "NOAA, satellites, history, NESDIS"
}

@online{noaaReceiveStations,
    author    = "NOAA",
    title     = "Users Guide: Building Receive Stations",
    url       = "https://noaasis.noaa.gov/NOAASIS/pubs/Users_Guide-Building_Receive_Stations_March_2009.pdf",
    keywords  = "NOAA, receive stations, satellite, guide"
}

@misc{PazPenagos2024,
  title={Comparative study of six antenna designs for receiving APT images from NOAA-19 in urban environments},
  author={Hernán Paz Penagos and Esteban Morales Mahecha and Alejandro Páez Avendaño and Rubén Campos Riaño},
  journal={Ciencia y Poder Aéreo},
  year={2024},
  volume={19},
  number={2},
  pages={58-68},
  doi={10.18667/cienciaypoderaereo.810}
}

@inbook{knuth-fa,
   author = "Donald E. Knuth",
   title = "Fundamental Algorithms",
   publisher = "Addison-Wesley",
   year = "1973",
   chapter = "1.2",
   keywords  = "knuth,programming"
}

@book{knuth-acp,
   author = "Donald E. Knuth",
   publisher = "Addison-Wesley",
   title = "The Art of Computer Programming",
   series = "Four volumes",
   year = "1968",
   note = "Seven volumes planned",
   keywords  = "knuth,programming"
}

@article{ctan,
    author  = "George D. Greenwade",
    title   = "The {C}omprehensive {T}ex {A}rchive {N}etwork ({CTAN})",
    year    = "1993",
    journal = "TUGBoat",
    volume  = "14",
    number  = "3",
    pages   = "342--351",
    keywords  = "latex"
}